<record xmlns='http://www.loc.gov/MARC21/slim'><leader>01022cim a22002532u 4500</leader><controlfield tag='001'>3604200</controlfield><controlfield tag='005'>20151214183357.0</controlfield><controlfield tag='007'>ss|lmnjluz|nuu</controlfield><controlfield tag='008'>991101s1992    nyunnn         l    eng d</controlfield><datafield ind1=' ' ind2=' ' tag='035'><subfield code='a'>(NIC)notisASG1265</subfield></datafield><datafield ind1=' ' ind2=' ' tag='035'><subfield code='a'>3604200</subfield></datafield><datafield ind1=' ' ind2=' ' tag='035'><subfield code='a'>(OCoLC)63902347</subfield></datafield><datafield ind1=' ' ind2=' ' tag='040'><subfield code='a'>NIC</subfield><subfield code='c'>NIC</subfield><subfield code='d'>NIC</subfield><subfield code='d'>NIC</subfield></datafield><datafield ind1='1' ind2=' ' tag='100'><subfield code='a'>Gilman, Sander L.</subfield></datafield><datafield ind1='1' ind2='0' tag='245'><subfield code='a'>Architecture, memory, Holocaust: closing remarks</subfield><subfield code='h'>[sound recording]</subfield></datafield><datafield ind1=' ' ind2=' ' tag='260'><subfield code='c'>1992.</subfield></datafield><datafield ind1=' ' ind2=' ' tag='300'><subfield code='a'>1 sound cassette (90 min.) :</subfield><subfield code='b'>analog, mono.</subfield></datafield><datafield ind1=' ' ind2=' ' tag='500'><subfield code='a'>Recorded in Ithaca, NY by Cornell University.</subfield></datafield><datafield ind1=' ' ind2=' ' tag='500'><subfield code='a'>Sponsored by: College of Architecture, Art and Planning,German Studies, Dept. of,Program of Jewish Studies,Herbert F. Johnson Museum of Art,Western Societies Program.</subfield></datafield><datafield ind1=' ' ind2=' ' tag='500'><subfield code='a'>Speaker(s): The closing panel was made up of various speakers from the conference.</subfield></datafield><datafield ind1=' ' ind2=' ' tag='518'><subfield code='a'>Panel, April 5, 1992, 3:45 pm, 115 Tjaden Hall.</subfield></datafield><datafield ind1=' ' ind2='0' tag='830'><subfield code='a'>Architecture, memory, Holocaust: a symposium and exhibit.</subfield></datafield><datafield ind1='1' ind2=' ' tag='899'><subfield code='a'>CULectures</subfield></datafield><datafield ind1=' ' ind2=' ' tag='905'><subfield code='a'>20000228120000.0</subfield></datafield></record>